


@ARTICLE{PMID_33580884,
  title     = "Genotype and residual enzyme activity in medium-chain {acyl-CoA}
               dehydrogenase ({MCAD}) deficiency: Are predictions possible?",
  author    = "Tucci, Sara and Wagner, Christine and Gr{\"u}nert, Sarah C and
               Matysiak, Uta and Weinhold, Natalie and Klein, Jeannette and
               Porta, Francesco and Spada, Marco and Bordugo, Andrea and
               Rodella, Giulia and Furlan, Francesca and Sajeva, Anna and
               Menni, Francesca and Spiekerkoetter, Ute",
  journal   = "J. Inherit. Metab. Dis.",
  publisher = "Wiley",
  volume    =  44,
  number    =  4,
  pages     = "916--925",
  month     =  jul,
  year      =  2021,
  keywords  = "MCAD deficiency; confirmation diagnostics; fatty acid oxidation
               disorders; medium-chain acylcarnitines; newborn screening",
  copyright = "http://creativecommons.org/licenses/by-nc-nd/4.0/",
  language  = "en"
}
